@book{rai2013socket,
  title={Socket. IO Real-time Web Application Development},
  author={Rai, Rohit},
  year={2013},
  publisher={Packt Publishing Ltd}
}