@book{spurlock2013bootstrap,
  title={Bootstrap: Responsive Web Development},
  author={Spurlock, Jake},
  year={2013},
  publisher={" O'Reilly Media, Inc."}
}